
@article{Gerber:2019,
title = {{Combining grid-tied PV and intelligent water heater control to reduce the energy costs at schools in South Africa}},
journal = "Energy for Sustainable Development",
volume = "50",
pages = "117 - 125",
year = "2019",
issn = "0973-0826",
doi = "https://doi.org/10.1016/j.esd.2019.03.004",
author = "S. Gerber and A. J. Rix and M. J. Booysen",
}


@INPROCEEDINGS{Booysen:2013, 
author={M. J. {Booysen} and S. J. {Andersen} and A. S. {Zeeman}}, 
booktitle={16th International IEEE Conference on Intelligent Transportation Systems (ITSC 2013)}, 
title={{Informal public transport in Sub-Saharan Africa as a vessel for novel Intelligent Transport Systems}}, 
year={2013}, 
volume={}, 
number={}, 
pages={767-772}, 
doi={10.1109/ITSC.2013.6728324}, 
ISSN={2153-0009}, 
month={Oct},}

@misc{WebsiteOpAmp,
author = {{BBC}},
title = {How to make opamps amp op},
url = {www.electronics-tutorials.ws},
year = {2018}
}


@BOOK{principles,
  TITLE = {Fundamental Principles of Optical Lithography},
  SUBTITLE = {The Science of Microfabrication},
  AUTHOR = {Mack, Chris A},
  YEAR = {2007}, % I looked it up
  PUBLISHER = {Wiley},
}

@Book{Neamen:Microelectronics,
 author    = {Neamen, Donald A.},
 title     = "Microelectronics: Circuit Analysis and Design",
 publisher = {McGraw-Hill},
 year      = {2010},
 address   = {New York},
 edition   = {Fourth Edition}
}

@manual{1N4007,
title = {1N4001-1N4007 1.0A STANDARD DIODE},
organization = {WTE Power Semiconductors},
year = {2006},
}

@manual{LM7805,
title = {MC78LXXA / LM78LXXA 3-Terminal 0.1 A Positive Voltage Regulator},
organization = {Fairchild Semiconductors},
month = {March},
year = {2013},
}

@manual{TZX-Zener,
title = {Small Signal Zener Diodes},
organization = {Vishay Semiconductors},
month = {April},
year = {2014},
}

@manual{LM2595,
title = {LM2595 SIMPLE SWITCHER Power Converter 150-kHz 1-A Step-Down Voltage Regulator},
organization = {Texas Instruments},
month = {May},
year = {2016},
}

@manual{Fuse,
title = {Axial Lead and Cartridge Fuses, 5x20 mm > Fast-Acting > 217 Series},
organization = {Littelfuse Inc.},
month = {October},
year = {2014},
}

@manual{2N3904,
title = {2N3903, 2N3904 General Purpose Transistors},
organization = {ON Semiconductor},
month = {August},
year = {2012},
}

@manual{TL081,
title = {TL08xx JFET-Input Operational Amplifiers
},
organization = {Texas Instruments},
month = {May},
year = {2015},
}

@manual{TLC2272,
title = {TLC227x, TLC227xA: Advanced LinCMOS Rail-to-Rail Operational Amplifiers},
organization = {Texas Instruments},
month = {March},
year = {2016},
}

@manual{XOR,
title = {CD4070B,
CD4077B
CMOS Quad Exclusive-OR
and Exclusive-NOR Gate},
organization = {Texas Instruments},
month = {September},
year = {2013},
}

@manual{op_amp,
title = {AN1353 - Op Amp Rectifiers, Peak Detectors and Clamps},
organization = {Microchip},
year = {2011},
}

@misc{chargepump-power_electronic,
author = {Bill Schweber},
title = {What is a charge pump and why is it useful? (Part 2)},
url = {https://www.powerelectronictips.com/charge-pump-useful-part-2/},
year = {2017}
}

@misc{chargepump-main,
author = {Lou Frenzel},
title = {The Charge-Pump Option to LDO and Inductor-Based Regulators},
url = {https://www.electronicdesign.com/power/charge-pump-option-
ldo-and-inductor-based-regulators},
year = {2016}
}

@article{chargepump-article,
title = {Charge Pump Circuits:
An Overview on Design
Strategies and Topologies},
journal = "IEEE CIRCUITS AND SYSTEMS MAGAZINE ",
pages = "31-45",
year = "2010",
issn = "1531-636X",
author = "Palumbo, Gaetano and Pappalard, Domenico",
}

@misc{regulators-main,
author = {John Teel},
title = {Linear and Switching Voltage Regulators - An Introduction},
url = {https://predictabledesigns.com/linear-and-switching-voltage-
regulators-introduction/},
year = {2018}
}

@misc{phase_detector,
author = {DB6SW},
title = {Exclusive OR (XOR) gate based phase detector},
url = {https://en.baltic-labs.com/2012/09/exclusive-or-xor-gate-based-phase-detector/},
month = {September}
year = {2012}
}

@misc{non_invert_amp,
author = {Electronics Notes},
title = {Op Amp Non-Inverting Amplifier: Operational Amplifier Circuit},
url = {https://www.electronics-notes.com/articles/analogue_circuits/operational-amplifier-op-amp/non-inverting-amplifier.php},
year = {2019}
}

@misc{superdiode,
author = {Robert Keim},
title = {When a Diode Simply Isnâ€™t Good Enough: The Superdiode},
url = {https://www.allaboutcircuits.com/technical-articles/when-a-diode-simply-isnt-good-enough-the-superdiode/},
year = {2018}
}

@misc{pwm_low_pass,
author = {Robert Keim},
title = {Low-Pass Filter a PWM Signal into an Analog Voltage},
url = {https://www.allaboutcircuits.com/technical-articles/low-pass-filter-a-pwm-signal-into-an-analog-voltage/},
year = {2016}
}

@misc{difference_amp,
author = {Electronics Tutorials},
title = {The Differential Amplifier},
url = {https://www.electronics-tutorials.ws/opamp/opamp_5.html},
year = {2019}
}

